@article{Cannon1927,
  doi = {10.2307/1415404},
  url = {https://doi.org/10.2307/1415404},
  year  = {1927},
  month = {dec},
  publisher = {{JSTOR}},
  volume = {39},
  number = {1/4},
  pages = {106},
  author = {Walter B. Cannon},
  title = {The James-Lange Theory of Emotions: A Critical Examination and an Alternative Theory},
  journal = {The American Journal of Psychology}
}
@Book{ibge2018,
  Title                    = {Acesso à internet e à televisão e posse de telefone móvel celular para uso pessoal: 2016},
  Author                   = {IBGE},
  Publisher                = {Centro de Documenta{\c c}{\~a}o e Dissemina{\c c}{\~a}o de Informa{\c c}{\~o}es. Funda{\c c}{\~a}o Intituto Brasileiro de Geografia e Estat{\'\i}stica},
  Year                     = {2017},
  Address                  = {Rio de Janeiro},
  Edition                  = {1},
  Organization             = {https://biblioteca.ibge.gov.br/visualizacao/livros/liv101543.pdf}
}
@inproceedings{Hearst:1999:UTD:1034678.1034679,
 author = {Hearst, Marti A.},
 title = {Untangling Text Data Mining},
 booktitle = {Proceedings of the 37th Annual Meeting of the Association for Computational Linguistics on Computational Linguistics},
 series = {ACL '99},
 year = {1999},
 isbn = {1-55860-609-3},
 location = {College Park, Maryland},
 pages = {3--10},
 numpages = {8},
 url = {https://doi.org/10.3115/1034678.1034679},
 doi = {10.3115/1034678.1034679},
 acmid = {1034679},
 publisher = {Association for Computational Linguistics},
 address = {Stroudsburg, PA, USA},
} 

@inproceedings{Li:2010:SAG:2898607.2898826,
 author = {Li, Fangtao and Huang, Minlie and Zhu, Xiaoyan},
 title = {Sentiment Analysis with Global Topics and Local Dependency},
 booktitle = {Proceedings of the Twenty-Fourth AAAI Conference on Artificial Intelligence},
 series = {AAAI'10},
 year = {2010},
 location = {Atlanta, Georgia},
 pages = {1371--1376},
 numpages = {6},
 url = {http://dl.acm.org/citation.cfm?id=2898607.2898826},
 acmid = {2898826},
 publisher = {AAAI Press},
} 
@article{Hand2007,
  doi = {10.2165/00002018-200730070-00010},
  url = {https://doi.org/10.2165/00002018-200730070-00010},
  year  = {2007},
  publisher = {Springer Nature},
  volume = {30},
  number = {7},
  pages = {621--622},
  author = {David J Hand},
  title = {Principles of Data Mining},
  journal = {Drug Safety}
}
@article{KHALED2018,
    title = "Recommendations-based on semantic analysis of social networks in learning environments",
    journal = "Computers in Human Behavior",
    year = "2018",
    issn = "0747-5632",
    doi = "https://doi.org/10.1016/j.chb.2018.08.051",
    url = "http://www.sciencedirect.com/science/article/pii/S0747563218304266",
    author = "Abdelaziz Khaled and Samir Ouchani and Chemseddine Chohra",
    keywords = "Web semantics, Web 2.0, Social network analysis, Social learning networks, User's behavior, Community detection"
}
@article{N2018777,
	title = "Influence maximization in large social networks: Heuristics, models and parameters",
	journal = "Future Generation Computer Systems",
	volume = "89",
	pages = "777 - 790",
	year = "2018",
	issn = "0167-739X",
	doi = "https://doi.org/10.1016/j.future.2018.07.015",
	url = "http://www.sciencedirect.com/science/article/pii/S0167739X18301092",
	author = "Sumith N. and Annappa B. and Swapan Bhattacharya",
	keywords = "Social networks, Structure, Models, Influential users, Viral marketing, Algorithms"
}

@misc{kallas_2018,
title={Top 15 Most Popular Social Networking Sites and Apps [August 2018] @DreamGrow},
url={https://www.dreamgrow.com/top-15-most-popular-social-networking-sites/}, journal={DreamGrow}, publisher={Dreamgrow.com}, author={Kallas, Priit},
year={2018}, 
month={Aug}}

@online{instagram_2018, 
    author={Instagram},
    title={Our Story}, 
    url={https://instagram-press.com/our-story/}, 
    journal={Instagram},
    year={2018}, 
    month={Aug}
}

@online{snapchat_2018, 
    author={SnapChat},
    title={Snap Inc.}, 
    url={https://www.snap.com/en-US//}, 
    journal={SnapChat},
    year={2018}, 
    month={Aug}
}

@article{BAHRI2018669,
title = "A Novel approach of Sentiment Classification using Emoticons",
journal = "Procedia Computer Science",
volume = "132",
pages = "669 - 678",
year = "2018",
note = "International Conference on Computational Intelligence and Data Science",
issn = "1877-0509",
doi = "https://doi.org/10.1016/j.procs.2018.05.067",
url = "http://www.sciencedirect.com/science/article/pii/S1877050918307993",
author = "Shivani Bahri and Pranav Bahri and Sangeeta Lal",
keywords = "emoticon, sentiment analysis, social media, Twitter"
}

@book{9788576089346,
  Author = {Fernando Amaral},
  Title = {Introdução à Ciência de Dados. Mineração de Dados e Big Data (Em Portuguese do Brasil)},
  Publisher = {Alta Books},
  Year = {2016},
  Pages = {4},
  ISBN = {8576089343},
  URL = {https://www.amazon.com/Introdu%C3%A7%C3%A3o-Ci%C3%AAncia-Dados-Minera%C3%A7%C3%A3o-Portuguese/dp/8576089343?SubscriptionId=AKIAIOBINVZYXZQZ2U3A&tag=chimbori05-20&linkCode=xm2&camp=2025&creative=165953&creativeASIN=8576089343}
}

@article{SYMEONIDIS2018298,
title = "A comparative evaluation of pre-processing techniques and their interactions for twitter sentiment analysis",
journal = "Expert Systems with Applications",
volume = "110",
pages = "298 - 310",
year = "2018",
issn = "0957-4174",
doi = "https://doi.org/10.1016/j.eswa.2018.06.022",
url = "http://www.sciencedirect.com/science/article/pii/S0957417418303683",
author = "Symeon Symeonidis and Dimitrios Effrosynidis and Avi Arampatzis",
keywords = "Sentiment analysis, Text pre-processing, Machine learning, Text classification, Ablation study, Combination study"
}
@book{0321480910,
  Author = {The Unicode Consortium},
  Title = {The Unicode Standard, Version 5.0 (5th Edition)},
  Publisher = {Addison-Wesley Professional},
  Year = {2006},
  ISBN = {0321480910},
  URL = {https://www.amazon.com/Unicode-Standard-Version-5-0-5th/dp/0321480910?SubscriptionId=AKIAIOBINVZYXZQZ2U3A&tag=chimbori05-20&linkCode=xm2&camp=2025&creative=165953&creativeASIN=0321480910}
}

@article{Khan2014,
  doi = {10.1016/j.dss.2013.09.004},
  url = {https://doi.org/10.1016/j.dss.2013.09.004},
  year  = {2014},
  month = {jan},
  publisher = {Elsevier {BV}},
  volume = {57},
  pages = {245--257},
  author = {Farhan Hassan Khan and Saba Bashir and Usman Qamar},
  title = {{TOM}: Twitter opinion mining framework using hybrid classification scheme},
  journal = {Decision Support Systems}
}

@unknown{Kouloumpis,
	author = {Kouloumpis, Efthymios and Wilson, Theresa and Moore, Johanna},
	year = {2011},
	month = {01},
	pages = {},
	title = {Twitter Sentiment Analysis: The Good the Bad and the OMG!},
	booktitle = {ICWSM}
}

@inproceedings{He:2011:AEP:2002472.2002489,
     author = {He, Yulan and Lin, Chenghua and Alani, Harith},
     title = {Automatically Extracting Polarity-bearing Topics for Cross-domain Sentiment Classification},
     booktitle = {Proceedings of the 49th Annual Meeting of the Association for Computational Linguistics: Human Language Technologies - Volume 1},
     series = {HLT '11},
     year = {2011},
     isbn = {978-1-932432-87-9},
     location = {Portland, Oregon},
     pages = {123--131},
     numpages = {9},
     url = {http://dl.acm.org/citation.cfm?id=2002472.2002489},
     acmid = {2002489},
     publisher = {Association for Computational Linguistics},
     address = {Stroudsburg, PA, USA},
} 

@inproceedings{Lin2009,
  doi = {10.1145/1645953.1646003},
  url = {https://doi.org/10.1145/1645953.1646003},
  year  = {2009},
  publisher = {{ACM} Press},
  author = {Chenghua Lin and Yulan He},
  title = {Joint sentiment/topic model for sentiment analysis},
  booktitle = {Proceeding of the 18th {ACM} conference on Information and knowledge management - {CIKM} {\textquotesingle}09}
}

@inproceedings{DBLP:conf/coling/SantosG14,
  author    = {C{\'{\i}}cero Nogueira dos Santos and
               Maira Gatti},
  title     = {Deep Convolutional Neural Networks for Sentiment Analysis of Short
               Texts},
  booktitle = {{COLING}},
  pages     = {69--78},
  publisher = {{ACL}},
  year      = {2014}
}
@article{Mohammad2015,
  doi = {10.1016/j.ipm.2014.09.003},
  url = {https://doi.org/10.1016/j.ipm.2014.09.003},
  year  = {2015},
  month = {jul},
  publisher = {Elsevier {BV}},
  volume = {51},
  number = {4},
  pages = {480--499},
  author = {Saif M. Mohammad and Xiaodan Zhu and Svetlana Kiritchenko and Joel Martin},
  title = {Sentiment,  emotion,  purpose,  and style in electoral tweets},
  journal = {Information Processing {\&} Management}
}
@inproceedings{Barbosa:2010:RSD:1944566.1944571,
 author = {Barbosa, Luciano and Feng, Junlan},
 title = {Robust Sentiment Detection on Twitter from Biased and Noisy Data},
 booktitle = {Proceedings of the 23rd International Conference on Computational Linguistics: Posters},
 series = {COLING '10},
 year = {2010},
 location = {Beijing, China},
 pages = {36--44},
 numpages = {9},
 url = {http://dl.acm.org/citation.cfm?id=1944566.1944571},
 acmid = {1944571},
 publisher = {Association for Computational Linguistics},
 address = {Stroudsburg, PA, USA},
} 
@inproceedings{Guzman2014,
  doi = {10.1109/re.2014.6912257},
  url = {https://doi.org/10.1109/re.2014.6912257},
  year  = {2014},
  month = {aug},
  publisher = {{IEEE}},
  author = {Emitza Guzman and Walid Maalej},
  title = {How Do Users Like This Feature? A Fine Grained Sentiment Analysis of App Reviews},
  booktitle = {2014 {IEEE} 22nd International Requirements Engineering Conference ({RE})}
}

@article{Porter1980,
  doi = {10.1108/eb046814},
  url = {https://doi.org/10.1108/eb046814},
  year  = {1980},
  month = {mar},
  publisher = {Emerald},
  volume = {14},
  number = {3},
  pages = {130--137},
  author = {M.F. Porter},
  title = {An algorithm for suffix stripping},
  journal = {Program}
}

@article{Ekman1992,
  doi = {10.1080/02699939208411068},
  url = {https://doi.org/10.1080/02699939208411068},
  year  = {1992},
  month = {may},
  publisher = {Informa {UK} Limited},
  volume = {6},
  number = {3-4},
  pages = {169--200},
  author = {Paul Ekman},
  title = {An argument for basic emotions},
  journal = {Cognition and Emotion}
}

@article{CHANDRAPANDEY2017764,
title = "Twitter sentiment analysis using hybrid cuckoo search method",
journal = "Information Processing & Management",
volume = "53",
number = "4",
pages = "764 - 779",
year = "2017",
issn = "0306-4573",
doi = "https://doi.org/10.1016/j.ipm.2017.02.004",
url = "http://www.sciencedirect.com/science/article/pii/S0306457316302205",
author = "Avinash Chandra Pandey and Dharmveer Singh Rajpoot and Mukesh Saraswat",
keywords = "Sentiment analysis, Cuckoo search, Twitter, Data preprocessing, K-means"
}

@article{TRUYENS2014153,
title = "Legal aspects of text mining",
journal = "Computer Law & Security Review",
volume = "30",
number = "2",
pages = "153 - 170",
year = "2014",
issn = "0267-3649",
doi = "https://doi.org/10.1016/j.clsr.2014.01.009",
url = "http://www.sciencedirect.com/science/article/pii/S0267364914000260",
author = "Maarten Truyens and Patrick Van Eecke",
keywords = "Copyright, Text mining, Data mining, Reproduction right, Databases"
}

@article{VIEGAS2018153,
title = "Exploiting efficient and effective lazy Semi-Bayesian strategies for text classification",
journal = "Neurocomputing",
volume = "307",
pages = "153 - 171",
year = "2018",
issn = "0925-2312",
doi = "https://doi.org/10.1016/j.neucom.2018.04.033",
url = "http://www.sciencedirect.com/science/article/pii/S0925231218304636",
author = "Felipe Viegas and Leonardo Rocha and Elaine Resende and Thiago Salles and Wellignton Martins and Mateus Ferreira e Freitas and Marcos André Gonçalves",
keywords = "Text classification, Naive Bayes classifier, Semi-Naive Bayes heuristics, Feature weighting techniques, GPU parallelization"
}
@article{schmitt2013analise,
  title={Uma an{\'a}lise comparativa de t{\'e}cnicas de aprendizagem de m{\'a}quina para prever a popularidade de postagens no facebook},
  author={Schmitt, Vin{\'\i}cius Fernandes},
  year={2013}
}

@Article{Rezende2011,
  Title = {O uso da Mineração de Textos para Extração e Organização não Supervisionada de Conhecimento},
  Author = {Solange Oliveira Rezende and Ricardo Marcondes Marcacini and Maria Fernanda Moura},
  Journal = {Revista de Sistemas de Informação da FSMA},
  Year = {2011},
  Pages = {7--21},
  Volume = {7},
  ISSN = {19835604},
  Url = {http://www.fsma.edu.br/si/7edicao.html}
}

@INPROCEEDINGS{Steinbach00acomparison,
    author = {Michael Steinbach and George Karypis and Vipin Kumar},
    title = {A comparison of document clustering techniques},
    booktitle = {In KDD Workshop on Text Mining},
    year = {2000}
}
@article{Taboada,
author = {Taboada, Maite and Brooke, Julian and Tofiloski, Milan and Voll, Kimberly and Stede, Manfred},
title = {Lexicon-Based Methods for Sentiment Analysis},
journal = {Computational Linguistics},
volume = {37},
number = {2},
pages = {267-307},
year = {2011},
doi = {10.1162/COLI\_a\_00049}
}

@article{LIU2017149,
title = "Ranking products through online reviews: A method based on sentiment analysis technique and intuitionistic fuzzy set theory",
journal = "Information Fusion",
volume = "36",
pages = "149 - 161",
year = "2017",
issn = "1566-2535",
doi = "https://doi.org/10.1016/j.inffus.2016.11.012",
url = "http://www.sciencedirect.com/science/article/pii/S1566253516301580",
author = "Yang Liu and Jian-Wu Bi and Zhi-Ping Fan",
keywords = "Product ranking, Online reviews, Sentiment analysis, Intuitionistic fuzzy number, IFWA operator"
}

@article{Miller:1995:WLD:219717.219748,
 author = {Miller, George A.},
 title = {WordNet: A Lexical Database for English},
 journal = {Commun. ACM},
 issue_date = {Nov. 1995},
 volume = {38},
 number = {11},
 month = nov,
 year = {1995},
 issn = {0001-0782},
 pages = {39--41},
 numpages = {3},
 url = {http://doi.acm.org/10.1145/219717.219748},
 doi = {10.1145/219717.219748},
 acmid = {219748},
 publisher = {ACM},
 address = {New York, NY, USA},
} 


@article{tccfilipe,
  title={Análise de Sentimentos em Redes Sociais : Uma Abordagem Baseada em Emoções},
  author={Macedo, Filipe Chaves de},
  year={2017}
}

@misc{princeton university, 
    title={What is WordNet?},
    url={https://wordnet.princeton.edu/}, 
    journal={Princeton University},
    publisher={The Trustees of Princeton University}
}